3734 5342
667 537 1090 585 >mm
1306 556 1309 561 ’
1374 566 1443 637 553

277 620 280 625 ¹
326 702 501 828 nnn.
553 714 780 823 Hunn.
821 688 1463 823 wusrunnovrus'

638 925 745 1025 ugu
794 926 825 999 c
872 923 911 998 r
961 922 1076 1005 oin
1124 925 1140 996 1

872 1096 907 1174 s.

328 1318 505 1493 Mirum
529 1312 633 1390 uideri
650 1334 765 1414 queat,
800 1309 927 1399 fateor,
960 1340 1015 1387 me
1036 1312 1198 1413 nuperum
1214 1315 1363 1393 Terentii
1381 1311 1448 1393 edi.
1550 1316 1553 1325 '

444 1441 574 1513 turem,
606 1412 708 1517 neque
730 1416 804 1493 sane
829 1423 899 1492 otio
923 1416 1159 1507 abundantem,
1204 1423 1287 1494 hauc
1309 1446 1448 1517 operam
1517 1414 1521 1425 ⁸

326 1524 532 1599 Bentleianae
551 1519 697 1599 Editioni
722 1550 838 1597 navare
858 1515 1028 1595 voluisses
1060 1526 1208 1595 Primum
1232 1521 1366 1620 quidem
1383 1528 1448 1595 Va·

281 1636 284 1645 '
326 1631 445 1701 uiantes
465 1630 653 1722 Ledliuner,
679 1629 733 1699 ubi
752 1633 786 1713 in
805 1631 918 1702 omnia
940 1625 1003 1700 alia
1025 1628 1110 1699 abire
1129 1626 1300 1701 uidebatur
1317 1627 1450 1699 llrillar·

329 1734 412 1803 chus
433 1731 488 1803 ille
510 1736 699 1823 Britannus,
742 1729 909 1830 conligere
930 1752 997 1801 erat
1018 1734 1166 1817 animus²
1197 1728 1221 1801 fi
1246 1725 1333 1803 forte
1354 1754 1448 1805 occa·

276 1884 287 1895 -
327 1828 423 1910 stone
442 1833 514 1908 data
537 1832 680 1933 ampliua'
704 1832 831 1932 fingula
851 1831 1110 1921 confideraretn‚
1150 1829 1223 1910 Afri
1244 1835 1357 1919 uerba,
1398 1838 1449 1911 uti
1505 1884 1507 1893 ι
1564 1856 1570 1875 ⁷

328 1938 438 2035 vulgo
457 1939 629 2038 leguntur,
663 1938 714 2010 vel
732 1944 886 2024 miratus,
918 1937 971 2012 vel
990 1938 1040 2009 Cl.
1057 1928 1238 2013 Bentleiirm
1261 1937 1449 2011 laudaturus

328 2041 471 2143 publice.
508 2041 624 2120 Mox
643 2042 835 2129 werdt-nii,
866 2046 1002 2139 eognito
1025 2068 1102 2117 tneo
1124 2039 1282 2129 consilio,
1314 2067 1449 2115 mecum

329 2172 451 2244 agere,
475 2142 529 2232 ur,
543 2145 712 2245 ¹quidquid
736 2140 970 2232 obseruaffem,
1005 2147 1082 2216 lruic
1103 2143 1253 2221 Editioni
1272 2140 1314 2220 ad
1331 2144 1450 2221 Canta·

328 2245 529 2349 brigienlem
550 2251 640 2323 illam
659 2249 836 2321 adornatae>
855 2243 1008 2347 subiungi
1024 2268 1161 2347 paterer.
1189 2265 1192 2271 ’
1213 2252 1342 2349 Negare
1357 2248 1459 2322 Viris'
1483 2274 1488 2289 ¹

329 2357 467 2451 optimis
487 2358 634 2454 mihique
655 2348 851 2427 amicissimis
866 2352 981 2450 religio
996 2348 1075 2439 fuit3
1103 2373 1197 2427 tanto
1208 2360 1333 2454 magis,
1359 2352 1451 2453 quod

327 2454 443 2530 nullro
461 2454 715 2531 Commentario
728 2460 789 2531 hae
810 2460 935 2534 ratione
949 2455 1032 2533 nihil
1051 2453 1255 2533 decessurum
1270 2478 1337 2529 tam
1358 2484 1452 2553 prae.-
1513 2488 1516 2502 ·

328 2557 484 2634 videbam
505 2568 637 2645 animo,
676 2588 774 2660 quam
798 2586 882 2658 quae
904 2559 1009 2631 oculis
1031 2583 1219 2640 cernuntur.
1274 2556 1449 2633 Diuersum

330 2667 463 2765 utrique
482 2666 686 2746 institutum,
713 2660 852 2762 separata
869 2658 1027 2737 scribendi
1044 2671 1127 2741 ratio
1149 2661 1223 2743 fuit.
1274 2663 1451 2755 Bentleiur,

329 2766 429 2843 mille
455 2765 741 2841 loeiesssollicitatis
764 2789 796 2841 et
821 2793 884 2865 pro
910 2767 1043 2840 arbitrio
1068 2775 1218 2863 mutatis,
1255 2767 1387 2843 Fabulae
1408 2767 1452 2839 ad
1567 2774 1571 2783 '

330 2875 430 2969 metri
451 2863 581 2969 regulas
606 2868 772 2970 redigere²
804 2894 868 2967 ego
886 2864 1006 2946 servata
1028 2869 1169 2945 ledlione
1190 2869 1315 2971 uulgari
1338 2873 1453 2945 verbo·

330 3001 409 3049 rum
433 2969 560 3049 sensum
580 2976 739 3074 explicare
756 2972 860 3051 volui,
917 2978 1013 3047 Turn
1034 2972 1058 3045 fi
1079 2962 1195 3073 quib'us
1213 2978 1298 3049 Viris
1319 2974 1453 3048 eruditis

330 3076 457 3176 volupe
478 3074 571 3157 effer,
609 3077 719 3151 incudi
739 3076 873 3153 reddere
898 3080 1101 3160 Bentleiana,
1138 3085 1177 3151 iia
1197 3107 1268 3155 non
1290 3084 1452 3177 ingratam

331 3177 411 3254 fore
429 3183 514 3253 hanc
532 3179 678 3254 nollram
698 3181 843 3279 opellam
862 3184 1084 3257 autumabam.
1136 3189 1229 3285 Qae
1247 3187 1351 3283 igitur
1370 3188 1453 3255 meir

332 3288 487 3385 priuatim
514 3282 619 3358 ufibus
649 3281 876 3384 sublegeram,
927 3312 1015 3358 nunc
1039 3291 1074 3357 in
1101 3283 1169 3358 dias
1199 3287 1333 3361 luminis
1360 3311 1453 3358 auras
1517 3354 1518 3359 ,

334 3385 421 3465 edita
447 3385 547 3461 vides.
622 3393 771 3489 Iniquior
795 3411 906 3466 autem
935 3393 1022 3463 mihi
1049 3385 1173 3464 futurus
1202 3396 1236 3463 in
1262 3385 1454 3488 elegantiffi·

277 3536 279 3541 ·
332 3517 434 3567 mum
448 3495 650 3589 Scriptoretn
662 3497 845 3569 Comicutn
860 3488 1009 3589 videbar,
1036 3490 1061 3564 fi
1082 3521 1177 3568 mero
1197 3492 1308 3569 Indice
1330 3499 1454 3566 Critico

333 3593 529 3671 inllrudlutn
555 3601 643 3673 exire
668 3594 818 3671 furerem.
883 3599 1060 3675 Latinitatis
1082 3605 1181 3673 etiam
1203 3606 1364 3673 rationem
1390 3594 1456 3673 elle

280 3778 282 3782 ¹
332 3699 519 3789 habendam
541 3696 630 3772 duxi.
692 3704 781 3803 Qin
805 3719 837 3771 et
856 3701 1027 3791 Syllabum
1048 3707 1229 3778 Audorum
1252 3727 1399 3780 veterum
1424 3723 1457 3781 et

335 3807 582 3890 recentiorum,
621 3826 705 3899 quos
727 3800 778 3874 vel
799 3800 966 3890 laudatos,
1004 3803 1056 3877 vel
1079 3802 1290 3904 reprehensos
1310 3801 1457 3879 animad-

295 3940 297 3945 ·
334 3907 523 3986 vertebam,
561 3903 681 3980 addidi.
748 3909 796 3978 lta
824 3910 959 3999 optimis
982 3909 1189 3997 Wetsseniis‚
1222 3916 1266 3982 ita
1287 3911 1340 3986 Cl.
1360 3913 1458 3984 Bent·
1522 3914 1523 3919 ’

310 4007 425 4094 leio,
449 4013 594 4084 maxime
613 4029 724 4082 ¹autem
749 4007 808 4106 ipsi
827 4011 992 4086 Terentio
1012 4012 1186 4107 gratificari
1208 4013 1311 4086 volui.
1355 4008 1457 4112 Qtod

335 4141 454 4187 meunt
474 4111 657 4187 institutum
683 4108 779 4182 ficui
802 4109 891 4184 secus
912 4119 1114 4212 interpretari
1138 4118 1274 4202 lubebit,
1315 4138 1350 4189 ut
1370 4144 1458 4191 nunc
1488 4118 1491 4125 ’

335 4210 410 4291 sunt
431 4243 559 4302 mores,
607 4213 709 4292 corde
735 4213 852 4290 durato
872 4212 1000 4309 ferant,
1037 4239 1069 4295 et
1090 4248 1164 4296 mea
1185 4249 1241 4297 me
1265 4216 1459 4298 conscientia

335 4316 435 4398 facile
456 4318 625 4397 sustinebo.
687 4320 779 4398 Vale.
